2762 4302
95 321 234 390 -641511
277 315 278 318 ’
539 323 730 376 CATULLUS.

177 503 324 568 Nullane
340 524 392 568 res
409 503 518 587 potuit
535 504 678 569 crudelis
695 504 832 570 flectere
847 504 971 570 mentis

178 607 388 672 Consilium?
411 607 473 672 tibi
489 608 580 673 nulla
595 609 658 672 tuit
676 609 854 675 clementia
869 620 1004 694 praesto

178 711 313 776 Immite
330 721 366 776 ut
379 712 485 776 nostri
501 711 604 776 uellet
621 713 837 779 miserescere
853 715 996 798 pectus?

177 815 228 880 At
244 835 312 879 non
328 816 409 881 haec
426 817 593 900 quondam
610 816 733 882 blanda
749 818 912 901 promissa
927 818 1051 883 dedisti

97 948 149 997 140
175 920 270 984 Voce
286 919 377 996 mihi,
394 939 462 984 non
478 921 562 986 haec
577 920 719 986 miserae
735 942 870 1005 sperare
885 923 1034 999 iubebas,

177 1023 246 1088 Sed
262 1024 405 1089 conubia
420 1023 517 1101 laeta,
535 1025 594 1090 sed
611 1034 744 1109 optatos
761 1026 985 1112 hymenaeos:

177 1127 275 1211 Quae
291 1136 412 1193 cuncta
427 1128 507 1192 aerii
523 1127 718 1214 discerpunt
734 1130 828 1194 irrita
844 1131 945 1194 uenti.

177 1231 278 1296 Nunc
294 1230 358 1296 iam
375 1231 467 1296 nulla
482 1232 553 1296 uiro
570 1232 693 1298 iuranti
708 1233 834 1298 femina
849 1236 973 1312 credat,

177 1335 280 1399 Nulla
295 1335 358 1400 uiri
374 1346 486 1420 speret
503 1355 676 1402 sermones
692 1357 768 1402 esse
783 1338 922 1404 fideles:

97 1467 148 1521 145
177 1439 264 1524 Quis
280 1441 359 1504 dum
376 1440 499 1524 aliquid
516 1441 654 1526 cupiens
670 1442 803 1506 animus
820 1441 1006 1526 praegestit
1022 1442 1135 1528 apisci,

176 1543 234 1607 Nil
249 1553 405 1609 metuunt
421 1545 539 1622 iurare,
557 1545 639 1610 nihil
654 1546 851 1628 promittere
866 1556 1029 1632 parcunt:

176 1647 245 1713 Sed
261 1647 362 1712 simul
378 1669 416 1714 ac
432 1649 572 1734 cupidae
587 1650 711 1715 mentis
727 1650 848 1714 satiata
863 1650 964 1715 libido
980 1660 1043 1728 est,

176 1751 278 1816 Dicta
293 1751 376 1816 nihil
391 1753 582 1830 meminere,
600 1753 684 1818 nihil
700 1753 844 1838 periuria
859 1764 987 1820 curant.

176 1854 278 1920 Certe
293 1876 357 1939 ego
371 1865 408 1920 te
422 1857 457 1920 in
473 1857 583 1922 medio
599 1868 791 1922 uersantem
807 1857 941 1924 turbine
956 1858 1016 1923 leti
1034 1848 1036 1851 ⁵

98 1985 150 2040 150
176 1958 293 2040 Eripui
309 1969 343 2024 et
359 1960 471 2043 potius
487 1980 684 2044 germanum
700 1962 855 2027 amittere
871 1963 961 2026 creui

177 2062 287 2146 Quam
304 2063 366 2127 tibi
381 2063 491 2129 fallaci
507 2085 663 2149 supremo
678 2065 713 2130 in
730 2077 881 2150 tempore
896 2068 1049 2131 deessem
1065 2089 1073 2133 :

99 2229 153 2280 ban
183 2229 212 2279 ol
235 2229 369 2280 Ariadne's
396 2246 480 2292 curse:
517 2231 551 2282 cl.
578 2247 604 2282 v.
691 2245 745 2297 143
761 2247 845 2292 nunc,
855 2240 917 2283 etc:
930 2233 964 2283 cl.
975 2233 1021 2285 Ov.
1031 2235 1096 2284 Fast.
1107 2235 1157 2285 111.

99 2309 151 2359 192
162 2295 189 2344 ff.
656 2311 704 2364 475
717 2315 789 2349 nunc
804 2315 900 2364 quoque
911 2304 918 2329 ‘
928 2300 1003 2349 nulla
1020 2301 1096 2351 uiro'
1108 2302 1158 2350 cla·

137 2374 193 2425 139.
210 2361 316 2412 blanda
348 2376 434 2413 uoce:
470 2363 534 2413 after
562 2363 606 2413 the
656 2365 728 2414 mado
745 2367 859 2430 ‘femina
877 2366 976 2414 credat'
998 2365 1109 2431 (spoken
1126 2367 1159 2429 by

96 2435 171 2477 wont
183 2426 213 2476 ot'
225 2428 367 2492 persuasive
380 2429 472 2489 lovers3
494 2428 526 2478 ct'.
540 2429 606 2479 Enn.
655 2431 768 2481 Ariadne
779 2431 840 2480 with
852 2430 981 2480 reference
998 2438 1025 2481 to
1042 2433 1086 2482 the
1103 2433 1158 2482 infi-

96 2497 175 2544 Ann.
185 2505 214 2558 51
228 2493 321 2542 blanda
333 2511 392 2543 uoce
403 2495 541 2551 uocabant:
557 2497 606 2545 Cu·
656 2497 734 2559 delity
745 2496 774 2545 ol
788 2497 927 2560 Bacchus).

96 2561 143 2609 lex
154 2558 204 2623 278
215 2560 290 2608 turba
300 2561 426 2624 ferarum
443 2561 536 2610 blanda
549 2578 607 2610 uoce
692 2573 745 2626 145.
763 2563 931 2626 praegestit:
956 2564 1000 2612 the
1021 2565 1092 2614 word
1114 2579 1158 2628 sp·

96 2626 605 2756 ’611111,;”1”;’13ῒῑὲ1011111
655 2627 955 2760 ἓῗέι““ἔ7οὶἱῖῗμῗέῗ
968 2628 1086 2744 liiii?
1103 2629 1158 2746 ,it

97 2773 161 2806 uoce
172 2758 306 2807 armaris?
322 2757 373 2808 111.
384 2769 430 2823 795
443 2775 488 2807 nec
498 2758 607 2808 blandae
656 2759 752 2818 uidere,
764 2760 815 2809 and
827 2759 854 2807 in
867 2760 931 2809 Hor.
948 2760 1035 2809 Carm.
1053 2761 1089 2811 11.
1108 2773 1129 2826 5.
1142 2775 1158 2823 9

97 2839 172 2872 uoces
183 2829 279 2872 cessent.
656 2826 782 2874 iuuencae
798 2825 884 2874 ludere
900 2842 957 2874 cum
976 2827 1068 2876 uitalis
1079 2833 1157 2890 prae·

138 2900 192 2949 140.
211 2889 347 2939 miserae:
372 2888 416 2938 the
440 2890 524 2940 dative
545 2889 606 2939 with
651 2892 788 2956 gestientis.

98 2954 208 3005 dedisti
218 2969 300 3003 seems
313 2961 341 3004 to
354 2954 387 3003 be
401 2956 537 3006 continued
551 2957 606 3005 into
691 2969 745 3018 149·
763 2956 875 3007 turbine
892 2956 954 3007 leti:
974 2957 1006 3008 ci.
1018 2957 1073 3008 Val.
1089 2957 1158 3009 Flac.

97 3020 145 3069 the
164 3019 384 3079 inhebae-clause,
399 3022 496 3084 though
515 3036 530 3070 a
546 3022 605 3072 sim·
655 3022 700 3070 VI.
714 3035 762 3087 279
773 3022 866 3071 doloris
876 3023 986 3073 turbine.

97 3085 143 3150 ple
161 3085 284 3135 infinitive
300 3087 352 3136 and
371 3087 454 3136 dative
474 3087 496 3135 is
515 3103 531 3136 a
551 3103 605 3137 rare
691 3099 745 3154 150.
762 3101 947 3152 germanum:
968 3091 1006 3139 ie.
1017 3089 1061 3139 the
1073 3083 1158 3139 Mino-

98 3152 274 3200 construction
285 3151 346 3201 with
357 3153 412 3202 that
423 3153 491 3202 verb.
655 3159 710 3203 taur
721 3171 729 3213 ;
751 3154 783 3205 cf.
794 3170 819 3203 v.
835 3153 878 3203 181
885 3172 893 3214 ;
916 3155 963 3204 Ov.
978 3156 1042 3205 Her.
1060 3168 1097 3206 ro.
1112 3168 1157 3221 115

137 3228 192 3277 141.
205 3218 264 3276 sed,
273 3224 337 3267 etc.:
351 3217 382 3267 cf.
390 3218 433 3267 the
444 3218 511 3267 close
519 3216 606 3268 verbal
655 3219 757 3272 dextera
773 3219 883 3269 crudelis
896 3237 962 3284 quae
981 3237 1020 3269 me
1032 3223 1158 3287 fratrem·

98 3284 153 3332 and
167 3283 280 3332 metrical
296 3284 469 3334 resemblance
487 3284 516 3333 ol
530 3284 605 3348 Verg.
655 3301 703 3349 que
722 3286 975 3336 neruum-crem:
1000 3286 1100 3335 archaic
1120 3286 1159 3336 ior

98 3351 166 3398 Aen.
188 3349 233 3398 1v.
251 3349 300 3413 316
314 3357 365 3414 per
380 3350 487 3399 conubia
511 3358 605 3410 nostra,
655 3351 775 3408 decreui,·
792 3351 823 3401 cf.
840 3350 919 3401 Lucil.
934 3352 1009 3401 XIII.
1028 3364 1038 3400 1
1057 3353 1159 3402 acribus

99 3422 153 3478 per
165 3415 272 3478 incepm
281 3415 435 3480 hynrenaeos.
466 3416 521 3464 'Ihe
534 3431 605 3480 repe·
656 3417 726 3466 inter
742 3433 766 3466 se
782 3433 840 3466 cum
858 3418 942 3467 armis
959 3418 1091 3482 confligere
1107 3433 1158 3466 cer·

99 3480 218 3530 titiones
230 3482 282 3531 sed
295 3481 565 3546 correspondstothat
579 3481 609 3531 ot'
656 3483 714 3540 nit:
739 3483 819 3533 Plaut'.
844 3484 902 3533 cist.
925 3496 935 3531 1
958 3484 1025 3532 mihi
1047 3484 1158 3532 amicam

99 3560 162 3596 non
177 3546 247 3597 haec
263 3546 290 3595 in
301 3563 324 3596 v.
339 3559 385 3610 139
400 3547 457 3598 s.-
466 3548 603 3598 conubia:
654 3564 703 3597 esse
714 3550 786 3598 creua¹
796 3556 904 3598 matrem
916 3557 996 3599 tuam.

99 3611 183 3676 plural
195 3613 256 3662 with
271 3612 382 3676 singular
396 3613 522 3676 meaning,
536 3629 564 3662 ss
579 3614 606 3662 in
692 3627 746 3680 ¹5¹·
763 3628 899 3680 supremo
914 3615 944 3664 ln
956 3623 1098 3680 tempore:
1119 3616 1158 3666 ie.

99 3693 125 3727 v.
146 3677 204 3743 1583
232 3679 277 3728 but
294 3678 405 3742 singular
422 3677 448 3728 in
466 3679 506 3730 62.
524 3691 606 3745 57.-
656 3680 683 3729 in
695 3687 805 3730 extreme
816 3682 913 3744 danger
924 3680 953 3729 ol
961 3680 1017 3741 lile3
1034 3680 1065 3729 cl.
1076 3696 1100 3730 v.
1112 3681 1158 3743 169

100 3744 293 3807 hymenaeos:
313 3744 345 3794 cf.
356 3761 379 3794 v.
392 3757 424 3794 ao
435 3761 465 3803 n,
656 3753 766 3796 extremo
783 3753 907 3810 tempore:
931 3747 996 3796 Hor.
1017 3747 1112 3800 Carm„
1122 3746 1159 3797 11.

138 3822 193 3874 ¹42·
211 3810 298 3870 uenti,
311 3816 373 3861 eto:
392 3811 426 3861 cl.
438 3824 478 3875 30·
494 3824 524 3862 ro
535 3828 561 3864 n.
658 3824 680 3878 7.
696 3826 706 3863 1
720 3819 816 3876 tempus
827 3813 858 3862 in
870 3812 998 3864 ultimum.
