2744 4302
94 331 185 400 ·73·⁶l

523 332 712 383 CATULLUS.

192 513 302 578 Multo
314 513 363 608 ¹mi
378 521 492 578 tamen
508 533 545 577 es
560 513 658 577 uilior
673 523 707 578 et
722 512 836 578 leuior.

148 617 218 702 Qui
233 617 322 700 potis
338 618 410 681 est?
434 617 552 702 inquis.
602 617 700 701 Quod
716 627 885 681 amantem
901 615 1019 681 iniuria
1033 617 1111 682 talis
1132 671 1134 674 .

192 721 293 806 Cogit
309 741 420 786 amare
434 721 552 805 magis,
570 720 629 786 sed
645 722 732 786 bene
748 719 834 785 uelle
850 720 969 786 minus.

587 965 644 1038 73.

146 1106 276 1172 Desine
291 1107 334 1172 de
349 1126 515 1192 quoquam
531 1106 707 1191 quicquam
723 1105 810 1172 bene
825 1105 913 1172 uelle
927 1106 1048 1172 mereri

189 1211 263 1276 Aut
279 1211 422 1296 aliquem
439 1210 511 1274 fieri
526 1230 626 1293 posse
641 1220 758 1293 putare
774 1210 874 1294 pium.

146 1314 272 1382 Omnia
287 1325 366 1378 sunt
382 1315 522 1398 ingrata,
539 1315 621 1378 nihil
637 1315 762 1380 iecisse
779 1314 947 1398 benigne:

191 1421 300 1483 Immo
315 1419 416 1483 etiam
432 1419 556 1495 taedet,
573 1418 685 1483 taedet
702 1419 865 1502 obestque
882 1418 1009 1503 magis:

100 1551 115 1603 5
141 1525 190 1587 Vt
208 1523 298 1599 mihi,
315 1543 414 1608 quem
431 1542 530 1586 nenio
542 1521 676 1605 grauius
693 1543 756 1587 nec
772 1523 924 1587 acerbius
941 1533 1037 1607 urget

191 1627 301 1711 Quam
318 1627 416 1690 modo
432 1626 488 1710 qui
505 1645 558 1690 me
573 1647 676 1690 unum
693 1635 794 1710 atque
810 1626 947 1691 unicum
962 1627 1105 1692 amicum

234 1730 358 1797 habuit.

82 1923 164 1976 aeter,
172 1916 213 1965 his
224 1915 324 1981 passion
337 1916 468 1966 continues
477 1922 504 1964 to
512 1930 589 1979 grow,

82 1983 136 2032 and
146 1988 312 2031 overmasters
320 1982 360 2030 his
369 1981 510 2045 judgment
540 1981 589 2030 But

82 2049 129 2096 the
157 2047 208 2097 fact
236 2047 290 2096 that
313 2048 345 2096 he
369 2048 513 2110 recognizes
539 2047 590 2096 this

82 2114 169 2162 shows
180 2120 207 2162 at
217 2113 280 2162 least
291 2129 307 2162 a
318 2113 456 2177 possibility
469 2112 498 2161 of
507 2129 589 2162 recov·

83 2195 136 2242 ery.
171 2179 211 2228 Cf.
232 2196 251 2228 c.
272 2178 316 2244 853
340 2180 397 2229 Ter.
418 2179 490 2228 Eun.
514 2190 544 2242 70
563 2179 588 2228 ff.

83 2262 160 2294 nunc
175 2261 217 2308 ego
233 2252 257 2293 et
272 2245 344 2293 illam
362 2245 483 2293 scelestam
501 2260 549 2293 esse
567 2251 591 2292 et

83 2328 124 2359 me
148 2313 270 2360 miserum
293 2312 372 2360 sentio
394 2318 418 2359 et
439 2311 535 2366 taedet‚·
567 2317 592 2358 et

81 2377 267 2426 amoreardeo.

119 2456 142 2506 7.
161 2444 237 2508 potis
249 2451 308 2492 est:
326 2458 357 2502 ss.
368 2442 442 2509 fieri,
458 2457 485 2490 as
502 2442 528 2490 in
545 2454 585 2502 42.

85 2508 129 2567 16;
154 2507 194 2572 76.
209 2508 246 2567 16,
259 2521 298 2570 24.
333 2509 409 2572 potis
426 2510 513 2557 stands
528 2507 589 2556 here

82 2574 174 2623 before
203 2574 223 2622 ι’
245 2573 325 2622 vowel
355 2574 392 2622 sor
420 2582 484 2638 pote,
508 2589 535 2622 as
564 2574 590 2622 in

84 2640 125 2704 7⁶·
140 2653 181 2700 24

118 2705 143 2755 8.
160 2706 235 2755 bene
263 2706 344 2765 uelle,
372 2713 396 2754 to
425 2713 530 2770 respect:
559 2706 591 2756 cf.

119 2835 170 2890 ⁷8.
199 2840 222 2885 Α
250 2837 426 2888 disheartened
455 2839 591 2905 complaint

82 2903 243 2966 concerning
274 2904 318 2952 the
351 2905 503 2967 ingratitude
540 2907 591 2954 and

83 2968 257 3018 saithlessness
280 2970 309 3018 of
330 2985 400 3019 some
423 2970 512 3029 friend,
535 2986 590 3034 per·

83 3037 150 3098 haps
158 3034 190 3082 ol
197 3035 296 3084 Caelius
308 3035 396 3094 Rufus,
405 3037 490 3085 whose
502 3036 591 3100 rivalry

83 3101 146 3149 with
169 3101 282 3150 Catullus
305 3102 331 3150 in
351 3102 395 3150 the
415 3101 545 3152 affectione
565 3102 594 3150 oi
642 3102 714 3151 nihil
721 3119 816 3152 sumus.

83 3167 181 3216 Lesbia
197 3167 218 3215 is
236 3166 346 3216 referred
363 3174 389 3216 to
407 3167 464 3216 inc.
479 3181 517 3231 77.
551 3168 589 3218 Cf.

82 3233 213 3282 elsoIntr.
227 3245 268 3280 21.

121 3311 142 3348 r.
161 3299 315 3362 quicquam
325 3299 439 3348 modifies
447 3299 519 3349 bene
532 3313 589 3348 me·

81 3365 148 3422 reri,
175 3364 250 3412 while
278 3365 351 3414 uelle
380 3366 494 3428 depends
522 3381 590 3429 upon

82 3431 196 3481 desine.

117 3509 142 3546 2.
161 3495 308 3559 aliquem:
335 3495 433 3545 instead
456 3495 485 3544 of
505 3512 589 3560 quem·

81 3577 174 3629 quam,
186 3576 215 3610 as
225 3560 248 3609 if
255 3561 376 3626 repeated
393 3560 457 3610 from
469 3562 512 3610 the
524 3560 590 3611 form

647 1913 677 1964 of
686 1914 766 1964 direct
774 1914 901 1965 discourse
912 1915 1009 1980 aliquis
1038 1916 1079 1966 eri
1106 1917 1147 1965 ius

641 1981 835 2046 possit-fieri
845 2001 870 2024 =
881 1993 949 2039 esse:
958 1981 990 2030 cs.
1034 2019 1039 2030 .
1050 1995 1065 2031 2
1092 1989 1146 2031 ant.

646 2047 776 2112 -pium,
788 2048 920 2112 grateful,·
946 2047 977 2097 cl.
996 2047 1043 2097 Ov.
1070 2049 1145 2096 Trist.

647 2112 678 2160 V.
690 2126 713 2172 4.
725 2125 758 2174 43
765 2120 815 2176 pro
827 2113 917 2176 quibus
928 2113 1113 2180 adfirmatfhre
1123 2129 1147 2161 se

647 2193 829 2242 nrenroremque
840 2180 966 2242 piumque
972 2195 984 2236 ,·
1001 2179 1052 2228 Cic.
1074 2180 1145 2227 Fam.

646 2242 667 2292 1.
685 2256 708 2305 9.
729 2257 739 2291 1
759 2259 816 2292 cum
835 2245 905 2292 illud
923 2245 1005 2308 ipsum
1019 2245 1147 2308 grauissi-

645 2325 717 2358 mum
729 2316 753 2357 et
762 2311 951 2360 sanctissimum
967 2326 1057 2359 nomen
1064 2311 1146 2374 pieta·

644 2377 678 2424 tis
688 2376 772 2424 leuius
783 2375 849 2423 mihi
860 2377 960 2424 meritis
975 2374 1038 2440 erga'
1046 2392 1085 2424 me
1095 2377 1147 2424 tuis

645 2457 692 2490 esse
704 2442 832 2491 uideatur.

680 2520 702 2570 3.
721 2507 819 2556 omnia
846 2515 914 2557 sunt
946 2508 1075 2570 ingrata:
1112 2508 1144 2556 cs.

646 2573 726 2622 Pleut.
744 2574 819 2622 Asin.
841 2574 887 2636 136
910 2573 925 2621 s.
946 2575 1050 2637 ingrata
1073 2580 1147 2636 atque

647 2640 728 2688 irrita
752 2655 799 2688 esse
826 2639 914 2687 omnia
945 2640 1055 2702 intellego
1082 2655 1147 2703 quae

644 2706 701 2754 dedi
719 2714 743 2755 et
758 2707 826 2770 quod
840 2705 899 2754 bene
914 2705 974 2772 feci.
1017 2705 1088 2754 with
1106 2706 1146 2754 in·

645 2783 725 2836 grata
737 2773 762 2821 in
776 2771 825 2820 this
839 2787 910 2820 sense
923 2771 955 2820 cs.
968 2771 1007 2832 64.
1023 2783 1069 2833 103
1080 2787 1105 2820 n.
1118 2798 1142 2806 —

642 2840 714 2889 nihil
737 2840 781 2902 (sc.
801 2837 857 2900 est),
877 2838 918 2885 'tis
936 2838 968 2903 of
980 2853 1013 2885 no
1031 2837 1107 2885 avail
1123 2844 1146 2885 to

641 2905 705 2954 have
727 2905 790 2953 done
814 2905 884 2952 deeds
906 2904 938 2969 of
951 2903 1089 2958 kindnesn
1113 2903 1145 2951 cf.

641 2971 698 3020 Ter.
710 2972 777 3020 And.
795 2983 844 3033 314
857 2971 888 3018 id
895 2969 1015 3033 ‘aliquid
1020 2970 1025 2992 ¹
1039 2969 1081 3017 m'l
1094 2975 1146 3023 est:

642 3037 694 3086 Cic.
704 3038 775 3086 Fam.
787 3037 847 3094 vn.
860 3049 899 3099 33.
912 3047 922 3082 1
935 3051 979 3084 nos
990 3034 1060 3083 enim
1066 3033 1147 3098 plane

675 3180 698 3233 5.
716 3177 748 3218 ut
759 3167 844 3217 mihi:
864 3184 895 3216 sc.
908 3166 975 3216 obest.

675 3234 698 3283 6.
716 3249 806 3284 unum
835 3241 920 3296 atque
951 3231 1083 3281 unicum:
1114 3229 1145 3280 cf.

642 3299 706 3349 Geli.
718 3300 818 3348 XVIll.
830 3314 853 3359 4.
872 3312 887 3347 2
903 3314 928 3347 se
946 3313 1028 3347 unum
1046 3304 1070 3344 et
1085 3297 1146 3344 utri·
1165 3324 1168 3330 ι

641 3381 699 3413 cum
717 3366 828 3414 lectorem
846 3380 911 3420 esse:
928 3364 1003 3428 Apul.
1021 3365 1083 3412 Mel.
1101 3361 1144 3410 IV.

642 3443 671 3494 31
684 3431 758 3494 idque
770 3446 853 3480 unum
865 3437 889 3478 et
897 3437 948 3494 pro
959 3430 1077 3478 omnibus
1086 3429 1145 3477 uni·

641 3513 706 3545 cum.
740 3496 795 3544 The
809 3495 951 3544 succession
968 3495 998 3542 oi
1010 3494 1102 3542 elisons
1120 3494 1144 3542 in

641 3561 691 3612 this
696 3561 966 3624 verseisnoteworthy;
976 3557 1007 3607 cl.
1014 3559 1075 3608 lntr.
1082 3558 1115 3608 86
1120 3575 1144 3608 a.
