2744 4302
82 353 139 420 -7a
147 353 179 421 4]
259 433 261 442 Ι
517 349 707 404 emortus,

185 533 269 610 Aut,
286 532 374 617 quod
390 553 458 598 non
473 531 563 616 potis
579 541 641 608 est,
658 551 734 598 esse
750 531 870 616 pudica
885 529 987 597 uelit:

83 665 114 720 ²5
141 637 220 722 Ipse
236 637 346 702 ualere
362 645 442 720 opto
458 645 492 702 et
509 644 654 701 taetrum
670 636 760 701 hunc
775 635 943 718 deponere
954 636 1113 702 morbum

186 741 218 808 O
234 740 279 817 di,
296 740 424 806 reddite
440 739 486 805 mi
501 741 565 806 hoc
580 759 641 824 pro
656 738 782 823 pietate
798 758 880 804 mea

143 1114 234 1180 Rufe
249 1113 331 1179 mihi
345 1113 472 1178 frustm
486 1133 525 1178 ac
541 1112 741 1198 nequiquam
759 1112 884 1177 credite
899 1112 1006 1178 amice

188 1217 367 1302 (Frustral
390 1217 492 1281 immo
508 1237 631 1301 magno
647 1237 723 1282 cum
739 1217 848 1301 pretio
863 1227 963 1300 atque
979 1215 1089 1300 malo),

143 1322 258 1389 Sicine
274 1321 442 1404 subrepsti
458 1321 503 1384 mi
519 1331 620 1404 atque
635 1320 797 1384 intestina
811 1341 973 1404 perurens

188 1425 257 1490 Hei
272 1425 394 1489 misero
410 1424 560 1507 eripuisti
576 1424 688 1488 omnia
703 1434 818 1488 nostra
833 1423 944 1488 bona?

100 1556 114 1613 ⁵
142 1529 313 1612 Eripuisti,
331 1529 417 1593 eheu
433 1538 567 1592 nostrae
583 1527 715 1593 crudele
731 1547 899 1592 uenenum

185 1632 296 1709 Vitae,
314 1633 399 1696 eheu
415 1641 550 1698 nostrae
566 1631 672 1715 pestis
687 1630 863 1697 amicitiae.

583 1853 640 1942 78.

143 2007 262 2076 Gallus
278 2008 379 2074 habet
394 2008 526 2085 fratres,
543 2027 684 2092 quorum
701 2016 753 2073 est
768 2006 976 2091 lepidissima
996 2007 1142 2074 coniunx

187 2112 350 2188 Alterius,
368 2112 498 2196 lepidus
514 2110 601 2175 lilius
617 2111 762 2176 alterius,

143 2216 262 2282 Gallus
277 2216 377 2280 homo
393 2224 445 2281 est
461 2215 589 2280 bellus:
612 2234 689 2278 nam
705 2213 820 2280 dulces
835 2213 944 2298 iungit
959 2234 1098 2293 amores,

188 2319 275 2386 Cum
290 2339 393 2404 puero
409 2327 446 2384 ut
463 2318 551 2385 bello
566 2319 654 2383 bella
668 2318 778 2402 puella
793 2319 907 2384 cubet.

116 2535 158 2584 24.
178 2521 270 2586 potis:
283 2545 285 2550 ¹
300 2519 388 2570 before
411 2534 426 2570 a
448 2517 529 2569 vowel
552 2519 591 2570 for
638 2518 664 2568 in
678 2519 722 2568 the
734 2519 873 2584 preceding
888 2534 959 2569 verse
975 2516 1027 2569 like
1044 2506 1098 2569 that
1114 2519 1142 2569 in

78 2588 223 2655 potacula
237 2600 275 2651 72.
288 2600 311 2650 7.
637 2597 753 2648 91.1‚2;
778 2585 833 2634 116.
845 2597 867 2650 5,
880 2585 903 2634 6.

118 2651 169 2707 Π.
181 2652 245 2701 Like
253 2670 272 2702 c..
281 2665 320 2717 73,
327 2653 463 2702 addressed
471 2650 592 2716 probably
671 2651 693 2700 6.
707 2658 836 2700 nostrae:
850 2651 889 2700 i.e.
898 2650 940 2699 the
950 2650 1045 2700 mutual
1052 2650 1143 2700 friend·

81 2726 109 2770 to
122 2719 160 2768 M.
173 2719 273 2768 Caelius
285 2717 372 2767 Rufus.
406 2717 445 2766 Cf.
460 2718 521 2767 intr.
535 2728 574 2782 59.
637 2716 694 2781 ship
709 2717 739 2765 ol
752 2716 864 2766 Catullus
881 2716 932 2765 and
950 2717 1037 2766 Rufus.
1071 2718 1142 2767 With

118 2797 139 2834 1.
158 2785 282 2834 husun:
313 2784 384 2832 olten
412 2783 441 2831 os
466 2799 481 2832 a
508 2783 592 2845 finally
637 2783 681 2831 the
693 2782 790 2844 change
802 2781 866 2831 from
877 2782 921 2830 the
933 2783 1044 2845 singular
1055 2799 1141 2832 mean·

82 2850 268 2916 unproductive
291 2849 461 2909 inveatment;
493 2849 591 2911 nequi·
637 2847 682 2911 ing
698 2846 725 2896 in
742 2849 785 2897 the
802 2848 940 2912 preceding
961 2864 1032 2898 verse
1052 2849 1142 2898 etot.

82 2931 183 2981 quam,
203 2915 233 2964 ol
251 2931 301 2964 one
323 2914 441 2979 hopeless
464 2913 527 2963 stom
547 2914 591 2962 the
637 2925 731 2978 9495.

81 2980 591 3110 {luitbtus{pittatia}
636 2976 723 3094 ...lb
739 2977 1142 3108 {giiiil'piinsslin‘piiisskiss

81 3130 136 3164 non
149 3128 266 3176 unquam
278 3108 373 3160 credita
392 3112 504 3161 Teucris.
637 3110 774 3160 unknown.

116 3193 140 3228 2.
165 3179 236 3227 With
267 3179 310 3227 the
344 3177 478 3226 rhetorical
512 3177 591 3239 figure
673 3189 693 3224 1.
711 3176 902 3240 lepidissima:
927 3175 978 3225 like
998 3193 1021 3225 v.
1041 3190 1056 3226 2
1073 3177 1140 3242 lepi-

83 3243 283 3310 (epanortkosis)
304 3243 330 3292 in
348 3243 450 3292 frustra
462 3279 468 3290 .
481 3279 487 3291 .
500 3278 507 3292 .
519 3242 590 3292 irue-
637 3241 700 3300 due,
709 3241 738 3290 of
747 3241 859 3306 physical
871 3242 955 3290 rather
966 3243 1027 3291 than
1037 3242 1066 3291 ol
1074 3259 1142 3291 men·

82 3312 145 3361 tra?
164 3311 261 3369 immo,
274 3316 331 3367 etc..
343 3309 374 3358 cs.
390 3309 441 3358 Cic.
460 3309 513 3358 Cat.
531 3309 552 3357 1.
570 3320 591 3356 1.
637 3307 671 3356 tal
689 3307 898 3366 characteristics;
921 3307 951 3356 cl.
968 3321 987 3356 1.
1003 3321 1013 3356 1
1029 3308 1141 3371 lepidum

83 3377 162 3426 ahie
182 3382 266 3425 tamen
288 3376 366 3424 uiuit.
402 3374 591 3431 uiuitla'mmo,
637 3373 746 3421 libellum
754 3389 766 3429 ,⁶
783 3373 840 3422 Ter.
850 3374 943 3422 Heaut.
956 3373 1018 3421 1060
1026 3374 1073 3422 tibi
1081 3374 1142 3422 dabo

82 3450 175 3492 etc.-
183 3455 289 3504 magno
301 3455 367 3490 cum
380 3440 484 3504 pretio:
503 3439 535 3488 cf.
547 3452 589 3500 40.
638 3438 710 3487 illam
722 3438 832 3501 lepidam
844 3454 921 3502 quam
933 3446 962 3487 tu
972 3439 1053 3505 facile
1064 3455 1138 3488 ames.

82 3509 99 3559 8
111 3524 171 3557 cum
184 3508 257 3570 longa
264 3514 357 3570 poena.
669 3503 694 3554 3.
710 3504 817 3554 bellum
837 3504 896 3553 here
909 3503 938 3552 os
951 3504 994 3553 the
1011 3504 1143 3567 charming

115 3589 141 3636 4
160 3574 208 3623 hei
226 3573 346 3623 misero:
371 3571 404 3620 cl.
426 3570 466 3620 68.
488 3583 529 3633 92,
551 3583 592 3634 93.
638 3569 774 3634 politeness
785 3568 815 3617 of
825 3585 911 3619 aman
923 3569 953 3618 of
961 3568 1057 3632 society
1068 3570 1143 3618 train-

81 3639 224 3689 -omnia
241 3647 339 3688 nostra
355 3638 445 3687 bona:
477 3637 515 3686 ale.
531 3637 591 3685 Les·
637 3635 682 3698 ing
693 3637 742 3684 and
755 3635 963 3695 discrimination;
986 3634 1019 3684 cl.
1033 3648 1072 3685 22.
1085 3648 1101 3696 9
1115 3652 1142 3686 n.

82 3707 148 3756 bia's
159 3705 229 3764 love;
250 3704 282 3753 cl.
295 3703 334 3753 68.
350 3702 396 3768 158
407 3703 496 3750 omnia
507 3702 571 3750 bona
579 3718 590 3757 ,·
669 3714 693 3761 4
709 3701 784 3750 bello
795 3701 882 3750 bella:
902 3714 1071 3763 synonymous
1081 3700 1142 3750 with

82 3779 184 3822 nostra
201 3770 223 3819 is
239 3769 277 3819 lor
300 3785 364 3827 mea,
381 3768 443 3817 with
460 3784 476 3817 a
492 3768 590 3830 change
637 3767 791 3830 lepidissima
812 3802 818 3816 .
842 3803 848 3815 .
870 3802 875 3814 .
896 3766 993 3830 lepidus
1009 3766 1097 3825 above,
1115 3782 1143 3815 as
1214 3783 1215 3786 ¹

82 3839 149 3888 from
161 3837 205 3886 the
218 3834 328 3900 singular
342 3833 459 3900 personal
475 3849 591 3900 pronoun
637 3832 680 3882 the
704 3832 797 3881 similar
825 3830 987 3895 conjunctiora
1011 3832 1143 3882 shows.-
