2744 4302
440 359 606 410 CRITICAL
626 353 818 411 APPENDIX.
1103 359 1154 414 233

90 525 137 578 27
157 523 218 575 sads
234 523 326 574 beatus
345 524 367 573 0
382 523 443 573 satis
454 523 544 573 beatus
559 523 674 588 GHeyse
689 524 750 574 satis
766 524 872 574 beatu's
869 524 961 590 Bergk
975 519 1035 576 sat'
1027 540 1049 575 rs
1061 523 1154 628 beatus

94 600 256 658 Passeratius
267 612 306 656 sat
317 621 344 656 es
355 606 445 656 beatus
460 605 627 671 Calpurnius.
996 636 1010 642 ..
1026 637 1038 642 2.
1053 635 1055 642 .
1177 607 1181 618 ·

128 719 191 774 24.
215 722 257 770 No
269 719 404 769 interval
393 735 423 769 cn
442 720 469 769 V.
480 720 542 769 -1
559 726 597 769 est
609 720 631 768 0
643 725 681 770 est
696 720 719 770 G
733 721 743 784 1
757 719 931 771 uiuenciorum
945 721 1153 770 Oiuuenciorum

96 805 128 854 G.
136 804 196 852 -2
215 802 286 868 quad
299 804 368 852 V.-
374 802 394 852 4
411 801 446 851 mi
459 802 604 852 dededisses
619 803 686 852 Omi
698 802 810 853 dedisses
826 801 947 853 GMidae
960 803 1072 853 dedisses
1090 805 1153 854 Voss.

91 887 156 936 -5
175 887 218 950 qui
236 887 261 936 V
272 885 316 950 (al’
329 885 370 934 cui
385 884 421 950 G)
438 887 449 948 1
463 900 507 934 nec
523 900 610 934 seruus
625 886 741 951 Oneque
758 884 803 951 (al’
816 884 900 950 nec)
891 902 977 975 seruus
992 888 1065 938 G.—
1074 885 1117 935 7
1110 886 1154 952 qui

96 970 128 1019 G.
137 969 200 1020 -9
218 969 265 1017 hec
277 975 305 1018 tu
316 983 367 1032 qua
377 967 447 1017 lubet
463 968 492 1017 G.

128 1082 192 1138 25.
216 1085 257 1134 Na
269 1083 388 1143 interval,
396 1084 442 1133 but
447 1083 601 1148 paragraph
613 1083 712 1132 mark'
701 1099 731 1133 en
743 1085 847 1149 margin
860 1084 890 1134 in
907 1085 934 1144 V,
942 1085 1003 1134 with
1015 1049 1151 1149 marginal

91 1168 147 1216 title
158 1168 201 1216 Ad
211 1166 354 1215 Tallumcn
366 1165 462 1216 61
475 1166 534 1216 talle
550 1166 617 1215 V.-
624 1166 643 1214 2
656 1166 766 1216 medulla
779 1168 802 1216 G
813 1168 823 1230 11
835 1166 923 1222 imulla
934 1168 956 1216 0
969 1169 980 1230 ΙΙ
994 1168 1118 1224 muricula
1130 1167 1153 1221 0

91 1249 218 1298 moricilla
233 1249 255 1298 G
267 1247 362 1298 oncrlla
375 1247 562 1313 Scaliger.-3
579 1263 747 1299 aurracoroso
759 1264 789 1298 or
804 1265 953 1299 arracoroso
968 1251 989 1298 0
1001 1265 1153 1304 araneoroso

94 1332 142 1396 (al'
161 1332 295 1399 araneoso)
322 1331 421 1381 (ιζ-4
445 1331 495 1380 tale
515 1331 614 1381 Otalle
634 1332 731 1383 ,G.-s
754 1331 909 1382 mulieraries
929 1332 1087 1400 (afterward
1098 1349 1154 1398 corf

92 1414 179 1463 rected
194 1421 218 1463 to
235 1413 302 1463 read
314 1412 404 1462 mulier
423 1412 502 1478 aries)
524 1415 635 1463 ostendet
652 1413 787 1466 oscitantes
811 1415 833 1464 0
852 1415 940 1464 mulier
958 1414 1152 1479 attestatum!

91 1498 167 1563 sram
184 1495 257 1561 alies)
275 1495 321 1562 (al’
334 1511 395 1546 aues
406 1495 438 1546 ul’
451 1495 529 1562 aries)
543 1497 660 1546 ostendet
676 1496 815 1562 (corrected
827 1504 850 1546 to
864 1496 987 1561 ostendit)
1002 1498 1154 1551 ostcitantes

94 1579 172 1641 (with
185 1595 198 1627 c
210 1579 313 1628 written
324 1595 384 1628 aver
394 1579 512 1643 erasure)
531 1580 555 1628 G
564 1580 719 1629 munerarios
729 1581 881 1629 Lachmann
893 1579 1047 1630 mulierarios
1058 1581 1152 1644 Haupt

92 1661 155 1710 luna
176 1661 330 1710 mulierarius
340 1661 422 1724 Heysc
438 1661 580 1711 balnearios
591 1663 673 1712 Riese.
709 1664 794 1726 Many
804 1663 884 1712 others
895 1663 961 1712 have
970 1662 1074 1727 applied
1086 1678 1154 1712 more

91 1745 212 1808 mgarous
223 1744 328 1792 methods
340 1745 372 1812 os
375 1744 542 1803 emendation
555 1743 613 1793 and
620 1751 665 1808 yet
680 1745 759 1793 others
770 1745 843 1793 think
858 1745 897 1794 the
907 1761 977 1796 verse
987 1746 1113 1809 spurious.
1120 1772 1154 1782 —

93 1826 114 1875 'l
132 1826 274 1875 sathabum
279 1826 518 1891 cathagraphosque
528 1825 613 1876 thinos
628 1826 809 1876 Osaethabum
821 1827 1063 1892 cathagraphosque
1069 1827 1155 1878 thinos
1164 1865 1177 1888 .

96 1909 128 1958 G.
136 1909 197 1959 -8
214 1908 350 1973 inepteque
367 1908 463 1958 0.-9
481 1909 620 1959 remiteO.
627 1908 711 1959 -10
728 1909 880 1974 manusque]
899 1910 1014 1975 natisque
1032 1910 1153 1974 Scaliger.

91 2017 128 2029 —
137 1990 178 2041 11
196 1991 277 2041 insula
295 1992 324 2041 V.
335 1991 443 2041 -12·
436 1991 537 2042 mimica
556 1992 582 2042 V.
590 1992 673 2042 -13
691 1993 814 2056 deprensa
828 1992 1019 2057 Odepsehensa
1035 1993 1064 2043 G.

128 2104 191 2161 26.
215 2108 256 2157 Na
273 2107 393 2166 interval,
409 2107 455 2157 but
467 2108 620 2172 paragraph
640 2106 717 2156 mark
734 2107 765 2156 in
782 2108 886 2172 margin
904 2107 935 2157 in
947 2145 949 2149 ,
962 2108 989 2168 V,
1004 2107 1063 2157 and
1079 2109 1109 2158 in
1131 2109 1154 2158 G

92 2190 231 2252 marginal
246 2190 299 2239 title
318 2191 360 2240 Ad
384 2190 492 2240 Furium.
504 2191 568 2240 -1
595 2197 673 2239 uestra
698 2189 775 2239 Oed.
795 2203 859 2253 1473
879 2190 1004 2242 Heinsius
1022 2191 1154 2240 Baehrens

94 2273 212 2322 Schmidt
229 2280 314 2322 nostra
336 2275 359 2322 G
374 2273 525 2323 Lachmann
542 2273 600 2322 and
614 2288 694 2336 many
709 2273 789 2322 others
807 2279 891 2322 nostra
910 2274 1031 2326 Muretus
1043 2274 1154 2338 Lipsius

91 2356 170 2406 Klots
182 2356 297 2404 Schwabe
307 2357 467 2419 Postgate·
434 2356 496 2405 -2
514 2355 637 2405 omitted
625 2371 655 2404 tn
671 2356 693 2404 0
708 2356 718 2419 1
732 2355 828 2405 fauonii
843 2356 873 2405 G.
881 2355 943 2405 -3
960 2355 1103 2446 apheliotae
1122 2357 1152 2406 V.

91 2439 156 2488 -5
174 2438 319 2487 horribilem
334 2437 409 2504 (with
421 2438 462 2487 dot
472 2433 556 2488 under
567 2438 598 2502 h)
617 2439 646 2488 G.
1090 2466 1092 2470 .

127 2551 191 2608 27.
214 2556 260 2604 No
273 2555 393 2613 interval,
411 2555 456 2603 but
468 2554 621 2620 paragraph
641 2554 764 2604 mathan
782 2554 887 2618 margin
904 2555 935 2603 in
958 2555 1091 2614 V,and'
1078 2571 1108 2605 sn
1131 2556 1154 2604 G

93 2638 230 2700 marginal
238 2638 292 2686 title
302 2638 344 2686 Ad
358 2637 504 2701 pincernam
517 2652 596 2686 suum.
605 2664 639 2673 -
648 2637 667 2686 1
685 2637 772 2685 falerni
785 2637 813 2686 0.
821 2662 854 2673 -
863 2635 882 2686 2
901 2635 1022 2699 ingeremi
1030 2625 1056 2686 '0
1067 2633 1152 2700 ingere

92 2719 129 2768 mi
146 2719 175 2768 G.
187 2719 248 2769 -3
266 2718 408 2783 posthumio
424 2720 453 2769 G.
464 2719 527 2768 -4
545 2718 642 2768 ebriose
662 2721 687 2768 V
692 2719 724 2786 cs
742 2717 802 2767 Gell.
826 2719 866 2768 VI.
879 2733 919 2769 ao.
932 2713 1077 2768 &Catullus
1092 2735 1152 2783 quo·

93 2816 145 2866 que
162 2801 362 2864 elegantissimus
378 2808 509 2866 poetarum
526 2801 553 2850 in
570 2801 639 2850 hisce
656 2801 769 2850 uersibus
786 2801 920 2851 ‘Minister
933 2805 959 2852 '.÷.=
970 2831 980 2851 ·.
995 2801 1152 2851 ebriosioris’

92 2899 152 2932 cum
171 2883 255 2933 dicere
276 2884 379 2933 ‘ebrio’
400 2889 492 2949 posset,
511 2890 543 2943 et,
561 2884 630 2948 quod
650 2890 703 2932 erat
723 2883 844 2942 usitatius,
864 2883 1002 2933 *acinumt
1017 2885 1042 2933 in
1060 2891 1152 2934 neutro

92 2980 187 3028 genere
199 2966 334 3030 appellare,
346 2981 434 3015 amans
446 2973 530 3015 tamen
544 2965 627 3014 hiatus
638 2965 704 3014 illius
716 2965 847 3015 Homerici
859 2966 1016 3025 suauitatem,
1029 2966 1151 3016 ‘ebriam’

92 3047 157 3097 dixit
176 3054 279 3113 propter
299 3048 454 3112 insequentis
472 3049 516 3097 ‘a’
535 3047 632 3097 litterae
651 3054 811 3099 concentum.
851 3048 901 3112 Qui
922 3049 1047 3098 ‘ebriosa’
1068 3056 1152 3098 autem

92 3129 220 3179 Catullum
240 3130 332 3179 dixisse
351 3137 449 3194 putant,
467 3135 510 3179 aut
527 3130 644 3179 ‘ebrioso
652 3131 668 3189 ’,
682 3145 741 3179 nam
758 3131 785 3179 id
803 3146 902 3195 quoque
922 3138 1015 3180 temere
1033 3132 1152 3196 scriptum

93 3211 229 3271 inuenitur,
241 3213 267 3262 in
284 3213 361 3262 libros
374 3212 469 3262 scilicet
486 3213 519 3262 de
534 3213 658 3278 corruptis
673 3212 856 3278 exemplaribus
867 3214 947 3263 factos
958 3214 1108 3263 inciderunt.
1117 3239 1152 3251 -

93 3296 112 3345 ⁵
131 3296 164 3345 ad
177 3309 223 3344 uos
234 3295 304 3359 quod
312 3296 381 3344 iubet
396 3296 496 3360 Oquod
508 3295 577 3344 iubet
593 3296 640 3359 611
654 3295 750 3360 limphe
769 3289 872 3352 V.-7¹
884 3296 1028 3345 thionianus
1046 3297 1091 3348 Va

127 3407 190 3464 28.
213 3411 256 3460 Na
275 3410 395 3470 interval,
413 3411 458 3460 but
470 3412 625 3475 paragraph
643 3411 750 3460 mark'
738 3428 768 3461 tn
786 3412 891 3478 margin
910 3412 940 3461 in
962 3403 990 3470 V,
1004 3409 1090 3460 and
1078 3429 1108 3461 m
1129 3413 1153 3474 G

93 3492 230 3558 marginal
246 3493 299 3543 title
316 3495 358 3543 Ad
378 3493 532 3542 Verannium
552 3493 717 3558 (apparently
733 3494 860 3543 corrected
867 3495 940 3562 from
953 3489 1108 3568 Veranium)
1129 3499 1152 3544 et

94 3574 234 3624 Fabullum.
244 3575 303 3624 -2
321 3575 380 3624 artis
399 3575 591 3626 Schwabe—3
609 3574 913 3626 uera04sat1sue
933 3577 1001 3626 0.-
1011 3573 1031 3626 6
1048 3577 1151 3642 etquid

93 3673 153 3707 nam
175 3658 238 3707 Oet
259 3658 319 3722 quid
340 3674 397 3707 nam
419 3659 465 3722 G)
479 3665 549 3723 patet
568 3659 589 3707 0
606 3666 676 3724 patet
700 3659 825 3710 6.-Β
818 3675 844 3709 ιιι
864 3647 964 3708 lucello
974 3653 1118 3710 Heinsius.
1118 3681 1150 3697 -—

93 3740 112 3790 9
130 3756 147 3789 o
159 3756 199 3790 me
211 3740 246 3789 mi
261 3741 394 3789 Oomnem
407 3740 572 3791 msa-10
590 3741 662 3791 trahe
681 3742 706 3791 V
715 3743 725 3806 11
740 3749 823 3792 tentus
842 3743 896 3792 Voss
910 3742 921 3806 11
934 3742 1065 3806 yrruinas'ti
1081 3744 1151 3794 0.-

94 3824 134 3873 11
152 3838 241 3887 parum
256 3821 301 3887 (al'
319 3823 387 3887 pari)
405 3824 428 3872 G
442 3824 452 3887 ΙΙ
467 3823 533 3873 fuisti
553 3825 579 3873 V.
590 3823 672 3873 -12
691 3839 753 3889 urpa
772 3826 794 3873 0
810 3825 887 3875 uerba
902 3825 1022 3875 0.-14
1040 3825 1117 3874 nobis
1130 3825 1151 3874 a

95 3905 167 3956 uobis
180 3904 226 3958 (al'
239 3905 325 3970 nobis)
344 3906 367 3954 G
381 3906 392 3969 1
405 3905 440 3956 dii
458 3907 486 3956 V.
495 3905 577 3955 -15
595 3906 691 3955 romule
706 3907 843 3958 Oromutei
858 3911 888 3960 G.
