2744 4302
83 318 187 386 -90.6]
524 319 713 372 ennomus
1099 315 1149 369 nor

149 498 236 562 Nam
254 498 335 563 nihil
351 508 404 563 est
420 498 596 583 quicquam
613 498 748 564 sceleris
765 518 830 582 quo
846 498 984 582 prodeat
1000 496 1096 573 ultra,

193 600 272 666 Non
288 602 317 667 si
332 602 478 668 demisso
495 602 619 686 seipse
635 611 731 668 uoret
747 601 865 685 capite.

590 817 645 906 89.

148 963 278 1030 Gellius
294 974 347 1030 est
363 965 496 1032 tenuis:
518 965 597 1049 quid
614 965 672 1029 ni?
695 965 747 1030 cui
764 977 833 1030 tam
849 966 937 1031 bona
952 977 1060 1031 mater

191 1068 344 1152 Tamque
360 1069 476 1133 ualens
493 1069 584 1133 uiuat
601 1079 735 1152 tamque
751 1079 894 1133 uenusta
910 1089 1003 1134 soror
1105 1135 1106 1138 ,

147 1172 301 1255 Tamque
315 1173 424 1236 bonus
440 1181 580 1255 patruus
595 1183 730 1256 tamque
747 1172 858 1236 omnia
873 1172 972 1256 plena
987 1173 1107 1256 puellis

192 1275 365 1358 Cognatis,
383 1297 485 1359 quare
500 1275 529 1340 is
545 1276 676 1340 desinat
692 1296 768 1341 esse
783 1277 916 1341 macer?

104 1405 118 1461 ς
147 1378 214 1463 Qui
231 1388 267 1443 ut
284 1379 366 1443 nihil
382 1379 537 1463 attingat,
554 1379 624 1444 nisi
635 1381 724 1465 quod
739 1379 792 1444 fas
807 1389 947 1463 tangere
962 1401 1030 1444 non
1047 1391 1106 1459 est,

193 1483 421 1567 Quantumuis
437 1504 539 1568 quare
555 1484 598 1548 sit
614 1504 728 1549 macer
742 1483 903 1549 inuenies.

590 1707 646 1775 90.

149 1834 318 1898 Nascatur
332 1854 450 1918 magns
466 1854 508 1899 ex
524 1833 612 1923 Gelli
628 1835 810 1920 matrisque
827 1836 972 1902 nefando

193 1936 359 2021 Coniugio
373 1949 408 2002 et
424 1938 532 2003 discat
549 1939 718 2004 Persicum
736 1941 980 2024 haruspicium:

149 2041 238 2105 Nam
254 2061 372 2125 magus
388 2062 429 2107 ex
445 2053 553 2106 matre
570 2051 604 2106 et
619 2053 722 2126 gnato
738 2044 897 2127 gignatur
912 2053 1054 2128 oportet,

193 2144 230 2210 Si
246 2165 326 2210 uera
341 2154 393 2210 est
410 2147 584 2211 Persarum
600 2146 701 2230 impia
716 2148 842 2232 religio,

104 2275 119 2332 ς
146 2247 271 2313 Gratus
287 2259 325 2313 ut
341 2261 480 2332 accepto
496 2261 676 2315 ueneretur
689 2253 837 2316 carmine
852 2252 948 2317 diuos

194 2352 378 2418 Omentum
395 2353 428 2418 in
445 2353 579 2419 flamma
593 2353 718 2440 pingue
733 2355 959 2439 liquefaciens.

88 2543 356 2593 kris-Oceanus:
385 2544 446 2593 with
465 2543 515 2593 this
537 2560 597 2593 cou·
641 2545 698 2594 Tib.
711 2545 732 2595 1.
745 2544 768 2595 8.
782 2557 814 2611 54
830 2545 946 2596 lacrimis
962 2547 1050 2596 omnia
1066 2547 1147 2613 plena

87 2606 203 2672 junction
215 2608 245 2656 os
257 2610 370 2658 Oceanus
381 2610 442 2659 with
460 2609 548 2673 Tethys
564 2608 597 2661 cs.
634 2611 751 2674 madent.

91 2674 170 2723 Hom.
180 2674 212 2722 Il.
221 2673 292 2723 XIV.
303 2687 348 2723 201
360 2668 476 2723 Ὠκεανόν
486 2692 524 2738 τε,
536 2675 598 2724 θεῶν
674 2674 724 2730 90.
743 2676 784 2726 On
804 2677 847 2727 the
864 2693 933 2728 same
955 2678 1041 2730 theme
1058 2695 1086 2730 as
1102 2679 1146 2730 the

88 2740 197 2799 γένεσιν,
209 2741 249 2787 καὶ
261 2741 357 2801 μητέρα
370 2737 458 2800 Τηθύν.
641 2742 787 2808 preceding.

124 2818 146 2869 7.
164 2805 237 2854 nihil
250 2805 420 2870 quicquam:
439 2814 511 2857 anot
522 2806 597 2856 inire·
673 2822 698 2869 4.
716 2809 889 2858 Persarum:
919 2808 963 2858 the
986 2810 1096 2874 practice
1120 2809 1147 2861 oi

19 2903 21 2908 ·
89 2878 169 2934 quent
185 2871 328 2934 expression
340 2871 366 2920 in
378 2872 422 2920 the
436 2873 591 2930 comedians;
640 2871 784 2923 incestuous
812 2874 948 2937 marriages
979 2891 1073 2940 among
1102 2877 1146 2926 the

89 2936 122 2985 cf.
135 2936 215 2985 Plaut.
231 2937 321 2986 Bacch.
337 2937 482 3000 1036m'hil
493 2955 533 3002 ego
549 2939 597 2988 tibi
642 2938 742 2988 Persian
775 2939 846 3002 Magi
879 2940 900 2988 is
933 2942 1079 2991 mentioned
1113 2943 1146 3005 by

87 3002 160 3050 hodie
175 3003 266 3050 consili
282 3005 417 3066 quicquam
435 3004 513 3058 dabo:
538 3005 595 3054 Ter.
641 3005 730 3054 Strabo
753 3005 808 3054 XV.
826 3020 852 3069 p.
877 3017 922 3070 735
946 3004 1042 3056 τούτοις
1059 3009 1086 3056 δὲ
1104 3009 1145 3056 καὶ

89 3068 175 3116 Andr.
185 3081 218 3128 90
230 3069 407 3132 comperiebam
421 3070 464 3118 nil
472 3069 510 3117 nd
518 3071 595 3118 Pam·
639 3071 749 3132 μητράσι
771 3071 936 3133 συνέρχεσθαι
959 3073 1065 3134 πάτριον
1083 3073 1144 3121 νενό-

85 3134 189 3199 philam
198 3135 335 3198 quicquam
347 3137 462 3184 attinere.
639 3153 738 3196 μιστσι;
771 3136 803 3186 cs.
826 3136 879 3186 also
903 3137 989 3202 Eurip.
1020 3139 1145 3189 Androm.

123 3198 146 3249 8.
164 3214 224 3249 non
236 3201 331 3249 si:see
343 3200 383 3262 48.
424 3217 448 3249 n.
643 3215 689 3268 173
705 3201 730 3252 ff.
748 3204 798 3252 and
815 3203 923 3261 scholion
944 3204 1013 3252 Tert.
1030 3204 1101 3269 Apol.
1118 3220 1144 3268 p.

122 3264 173 3320 89.
192 3267 234 3316 On
245 3267 288 3316 the
300 3282 369 3316 same
386 3215 471 3316 tiene
483 3283 511 3316 as
522 3283 542 3316 c.
555 3266 594 3318 88.
642 3279 673 3317 10
688 3270 780 3318 Persas
796 3285 854 3317 cum
871 3270 926 3317 suis
942 3269 1069 3318 matribus
1084 3271 1144 3320 mis·

126 3346 146 3384 1.
164 3335 249 3392 bona,
276 3333 401 3397 obltging;
430 3333 461 3382 cs.
493 3347 546 3382 110.
581 3345 591 3382 1
639 3333 692 3382 ceri
707 3335 799 3383 Ctesias
810 3335 894 3400 refert.

89 3399 169 3450 bonae
180 3401 285 3449 amicae.
673 3411 696 3465 5.
707 3408 810 3462 gratus
823 3408 940 3465 accepto
952 3400 1091 3450 carmine:
1111 3398 1143 3450 cs.

122 3479 146 3529 3.
163 3467 258 3515 bonus
275 3472 409 3530 patruus:
434 3465 477 3514 the
497 3479 594 3530 expres·
639 3463 679 3529 67.
698 3467 729 3514 26
747 3467 959 3516 n.—cnrmine:
985 3467 1028 3514 the
1045 3465 1144 3514 litanias

87 3531 144 3582 sion
154 3532 219 3580 finds
230 3547 263 3580 an
275 3530 436 3596 explanation
448 3531 474 3579 in
486 3547 504 3578 c.
515 3542 553 3594 74.
562 3556 595 3567 -
638 3530 668 3579 of
676 3531 747 3579 these
759 3531 849 3594 priests
866 3546 908 3580 are
926 3531 979 3580 also
997 3531 1144 3581 mentioued

87 3597 188 3648 omnia
204 3597 304 3661 plena:
323 3596 355 3645 cf.
374 3595 426 3646 Cic.
439 3599 488 3645 Αιι.
504 3597 538 3646 11.
554 3609 593 3658 24·
638 3596 665 3646 iu
677 3596 766 3646 Strabo
778 3597 833 3648 XV.
845 3612 869 3661 p.
883 3608 938 3661 733.

86 3678 103 3725 4
115 3665 153 3712 ita
165 3669 229 3712 sun!
238 3663 326 3711 omnia
343 3663 459 3710 omnium
477 3661 594 3710 miseria·
649 3663 651 3666 ’
671 3663 694 3712 6.
713 3670 868 3720 omentum,
878 3669 942 3711 eto:
960 3662 991 3712 ci.
1002 3663 1068 3712 Pers.
1079 3675 1101 3712 2.
1110 3675 1143 3727 47

86 3745 148 3779 rum
168 3729 339 3792 plenissima;
362 3728 437 3790 Verg.
465 3727 537 3776 Geor.
557 3728 593 3776 11.
639 3727 668 3776 in
674 3729 800 3792 flammas
812 3728 931 3776 iunicum
943 3736 1041 3776 omenta
1054 3729 1142 3791 liques-

70 3847 75 3860 ι
85 3808 103 3857 4
113 3795 168 3844 tuis
178 3795 221 3843 lm'c
231 3793 319 3842 omnia
332 3793 411 3860 plena
424 3793 593 3848 muneribus:
637 3800 704 3842 cant.
711 3792 951 3856 -liquesaciensz
969 3793 1001 3843 cf.
1010 3795 1071 3842 intr.
1081 3792 1113 3843 86
1117 3796 1143 3862 s
